@Article{de_Valpine_2017,
  title = {Programming with models: writing statistical algorithms for general model structures with {NIMBLE}},
  journal = {Journal of Computational and Graphical Statistics},
  volume = {26},
  issue = {2},
  pages = {403-413},
  year = {2017},
  author = {Perry {de Valpine} and Daniel Turek and Christopher Paciorek and Cliff Anderson-Bergman and Duncan {Temple Lang} and Ras Bodik},
  doi = {10.1080/10618600.2016.1172487},
}

@Article{Kellner_2021,
  title = {{ubms}: An {R} package for fitting hierarchical occupancy and N-mixture abundance models in a Bayesian framework},
  author = {Kenneth F. Kellner and Nicholas L. Fowler and Tyler R. Petroelje and Todd M. Kautz and Dean E. Beyer and Jerrold L. Belant},
  journal = {Methods in Ecology and Evolution},
  year = {2021},
  volume = {13},
  pages = {577--584},
  url = {https://doi.org/10.1111/2041-210X.13777},
}

@Article{Kellner_2023,
  title = {The {unmarked} {R} package: Twelve years of advances in occurrence and abundance modelling in ecology},
  author = {Kenneth F. Kellner and Adam D. Smith and J. Andrew Royle and Marc Kery and Jerrold L. Belant and Richard B. Chandler},
  journal = {Methods in Ecology and Evolution},
  year = {2023},
  volume = {14},
  number = {6},
  pages = {1408--1415},
  url = {https://www.jstatsoft.org/v43/i10/},
}

@Article{Kusch_2022,
  title = {KrigR-a tool for downloading and statistically downscaling climate reanalysis data},
  author = {Erik Kusch and Richard Davy},
  journal = {Environmental Research Letters},
  year = {2022},
  volume = {17},
  number = {2},
  doi = {10.1088/1748-9326/ac48b3},
}

@Book{Pebesma_2023,
  author = {Edzer Pebesma and Roger Bivand},
  title = {{Spatial Data Science: With applications in R}},
  year = {2023},
  publisher = {{Chapman and Hall/CRC}},
  url = {https://r-spatial.org/book/},
  doi = {10.1201/9780429459016},
}

@Manual{R_Core_Team_2024,
  title = {R: A Language and Environment for Statistical Computing},
  author = {{R Core Team}},
  organization = {R Foundation for Statistical Computing},
  address = {Vienna, Austria},
  year = {2024},
  url = {https://www.R-project.org/},
}

@Article{Wickham_2019,
  title = {Welcome to the {tidyverse}},
  author = {Hadley Wickham and Mara Averick and Jennifer Bryan and Winston Chang and Lucy D'Agostino McGowan and Romain Fran{\c c}ois and Garrett Grolemund and Alex Hayes and Lionel Henry and Jim Hester and Max Kuhn and Thomas Lin Pedersen and Evan Miller and Stephan Milton Bache and Kirill M{\"u}ller and Jeroen Ooms and David Robinson and Dana Paige Seidel and Vitalie Spinu and Kohske Takahashi and Davis Vaughan and Claus Wilke and Kara Woo and Hiroaki Yutani},
  year = {2019},
  journal = {Journal of Open Source Software},
  volume = {4},
  number = {43},
  pages = {1686},
  doi = {10.21105/joss.01686},
}
