

@article{A2020,
  title={Scientists’ warning to humanity on the freshwater biodiversity crisis},
  author={James S. Albert and Georgia Destouni and Scott M. Duke-Sylvester and Anne E. Magurran and Thierry Oberdorff and Roberto E. Reis and Kirk O. Winemiller and William J. Ripple},
  journal={Ambio},
  year={2020},
  volume={50},
  pages={85-94}}


@article{Bonnet2021,
	author = {Bonnet, Manon and Gu{\'e}don, G{\'e}rald and Pondaven, Marc and Bertolino, Sandro and Padiolleau, Damien and P{\'e}nisson, Vanessa and Gastinel, Francine and Angot, Fabien and Renaud, Pierre-Cyril and Fr{\'e}my, Antonin and Pays, Olivier},
	journal = {Plos One},
	month = {04},
	number = {4},
	pages = {1-14},
	title = {Aquatic invasive alien rodents in Western France: Where do we stand today after decades of control?},
	volume = {16},
	year = {2021}}


@article{Bonnet2023,
	author = {Bonnet, Manon and Gu{\'e}don, G{\'e}rald and Bertolino, Sandro and Harmange, Cl{\'e}ment and Pagano, Alain and Picard, Damien and Pays, Olivier},
	journal = {Management of Biological Invasions},
	month = {11},
	pages = {625-640},
	title = {Improving the management of aquatic invasive alien rodents in France: appraisal and recommended actions},
	volume = {14},
	year = {2023}}

@book{Borchers2002,
  title = {Estimating Animal Abundance: Closed Populations},
  author = {Borchers, D.L. and Buckland, S.T. and Zucchini W.},
  year = {2002},
  publisher = {Springer-Verlag, London},
}

@article{Broms2014,
	author = {Broms, Kristin M. and Johnson, Devin S. and Altwegg, Res and Conquest, Loveday L.},
	journal = {Ecological Applications},
	number = {2},
	pages = {363-374},
	title = {Spatial occupancy models applied to atlas data show Southern Ground Hornbills strongly depend on protected areas},
	volume = {24},
	year = {2014}}

@article{Burian2021,
	author = {Burian, Alfred and Mauvisseau, Quentin and Bulling, Mark and Domisch, Sami and Qian, Song and Sweet, Michael},
	journal = {Molecular Ecology Resources},
	number = {5},
	pages = {1422-1433},
	title = {Improving the reliability of eDNA data interpretation},
	volume = {21},
	year = {2021}}

@article{Carraro2020,
	author = {Carraro, Luca and M{\"a}chler, Elvira and W{\"u}thrich, Remo and Altermatt, Florian},
	journal = {Nature Communications},
	month = {07},
	pages = {3585},
	title = {Environmental DNA allows upscaling spatial patterns of biodiversity in freshwater ecosystems},
	volume = {11},
	year = {2020}}

@article{Charbonnel2022,
	author = {Ana{\"\i}s Charbonnel and Fr{\'e}d{\'e}ric Blanc and Pascal Laffaille and M{\'e}lanie N{\'e}moz and La{\"e}titia Buisson},
	journal = {Biological Conservation},
	pages = {109567},
	title = {Combining spatial dependence occupancy models and conservation gap analyses to promote species conservation: A case study with a threatened semi-aquatic mammal},
	volume = {270},
	year = {2022}}

@article{Chen2019,
	author = {Chen, Wentao and Ficetola, Gentile Francesco},
	journal = {Molecular Ecology Resources},
	number = {1},
	pages = {163-175},
	title = {Conditionally autoregressive models improve occupancy analyses of autocorrelated data: An example with environmental DNA},
	volume = {19},
	year = {2019}}

@article{clark2019,
	author = {Clark, Allan E. and Altwegg, Res},
	journal = {Ecology and Evolution},
	number = {2},
	pages = {756-768},
	title = {Efficient {B}ayesian analysis of occupancy models with logit link functions},
	volume = {9},
	year = {2019}}

@article{Couturier2024,
	author = {Thibaut Couturier and Julien Steinmetz and Pierre {Defos du Rau} and Daniel Marc and Emma Trichet and R{\'e}gis Gomes and Aur{\'e}lien Besnard},
	journal = {Biological Conservation},
	pages = {109927},
	title = {Intensive agriculture as the main limiting factor of the otter's return in southwest France},
	volume = {279},
	year = {2023}}


@article{Davis2016,
	author = {Davis, Amy J. and Hooten, Mevin B. and Miller, Ryan S. and Farnsworth, Matthew L. and Lewis, Jesse and Moxcey, Michael and Pepin, Kim M.},
	journal = {Ecological Applications},
	number = {7},
	pages = {2339-2346},
	title = {Inferring invasive species abundance using removal data from management actions},
	volume = {26},
	year = {2016}}

@article{Diagne2023,
	author = {C Diagne  and L Ballesteros-Mejia and RN Cuthbert and TW Bodey and J Fantle-Lepczyk and E Angulo and A Bang and G Dobigny G and F Courchamp},
	journal = {PeerJ},
	pages = {e14935},
	title = {Economic costs of invasive rodents worldwide: the tip of the iceberg},
	volume = {11},
	year = {2023}}

@article{D2015,
	author = {Domisch, Sami and J{\"a}hnig, Sonja and Simaika, John and Kuemmerlen, Mathias and Stoll, Stefan},
	journal = {Fundamental and Applied Limnology},
	month = {02},
	pages = {45--61},
	title = {Application of species distribution models in stream ecosystems: The challenges of spatial and temporal scale, environmental predictors and species occurrence data},
	volume = {186},
	year = {2015}}

@article{Dorazio2005,
    author = {Dorazio, Robert M. and Jelks, Howard L. and Jordan, Frank},
    title = {Improving Removal-Based Estimates of Abundance by Sampling a Population of Spatially Distinct Subpopulations},
    journal = {Biometrics},
    volume = {61},
    number = {4},
    pages = {1093-1101},
    year = {2005}
}


@article{Dormann2007,
	author = {Dormann, F. Carsten and M. McPherson, Jana and B. Ara{\'u}jo, Miguel and Bivand, Roger and Bolliger, Janine and Carl, Gudrun and G. Davies, Richard and Hirzel, Alexandre and Jetz, Walter and Daniel Kissling, W. and K{\"u}hn, Ingolf and Ohlem{\"u}ller, Ralf and R. Peres-Neto, Pedro and Reineking, Bj{\"o}rn and Schr{\"o}der, Boris and M. Schurr, Frank and Wilson, Robert},
	journal = {Ecography},
	number = {5},
	pages = {609-628},
	title = {Methods to account for spatial autocorrelation in the analysis of species distributional data: a review},
	volume = {30},
	year = {2007}}

@article{D2006,
	author = {Dudgeon, David and Arthington, Angela H. and Gessner, Mark O. and Kawabata, Zen-Ichiro and Knowler, Duncan J. and L{\'e}v{\^e}que, Christian and Naiman, Robert J. and Prieur-Richard, Anne-H{\'e}l{\`e}ne and Soto, Doris and Stiassny, Melanie L. J. and Sullivan, Caroline A.},
	journal = {Biological Reviews},
	number = {2},
	pages = {163-182},
	title = {Freshwater biodiversity: importance, threats, status and conservation challenges},
	volume = {81},
	year = {2006}}

@article{Elith2009,
	author = {Elith, Jane and Leathwick, John R.},
	journal = {Annual Review of Ecology, Evolution, and Systematics},
	number = {Volume 40, 2009},
	pages = {677-697},
	title = {Species Distribution Models: Ecological Explanation and Prediction Across Space and Time},
	volume = {40},
	year = {2009}}

@article{GK2018,
	author = {Gu{\'e}lat, J{\'e}r{\^o}me and K{\'e}ry, Marc},
	journal = {Methods in Ecology and Evolution},
	number = {6},
	pages = {1614-1625},
	title = {Effects of spatial autocorrelation and imperfect detection on species distribution models},
	volume = {9},
	year = {2018}}

@article{Haines2019,
    author = {Haines, Linda M.},
    title = {Multinomial N-Mixture Models for Removal Sampling},
    journal = {Biometrics},
    volume = {76},
    number = {2},
    pages = {540-548},
    year = {2019}
}


@article{Hamer2021,
	author = {Hamer, Andrew J. and Schmera, D{\'e}nes and Mahony, Michael J.},
	journal = {Ecological Applications},
	number = {4},
	pages = {e2293},
	title = {Multi-species occupancy modeling provides novel insights into amphibian metacommunity structure and wetland restoration},
	volume = {31},
	year = {2021}}


@article{Haubrock2024,
	author = {Haubrock, Phillip J. and Soto, Ismael and Ahmed, Danish A. and Ansari, Ali R. and Tarkan, Ali Serhan and Kurtul, Irmak and Mac{\^e}do, Rafael L. and L{\'a}zaro-Lobo, Adri{\'a}n and Toutain, Mathieu and Parker, Ben and B{\l}o{\'n}ska, Dagmara and Guareschi, Simone and Cano-Barbacil, Carlos and Dominguez Almela, Victoria and Andreou, Demetra and Moyano, Jaime and Akalın, Sencer and Kaya, C{\"u}neyt and Bay{\c c}elebi, Esra and Yo{\u g}urt{\c c}uo{\u g}lu, Baran and Briski, Elizabeta and Aksu, Sadi and Emiro{\u g}lu, {\"O}zg{\"u}r and Mammola, Stefano and De Santis, Vanessa and Kourantidou, Melina and Pincheira-Donoso, Daniel and Britton, J. Robert and Kouba, Anton{\'\i}n and Dolan, Ellen J. and Kirichenko, Natalia I. and Garc{\'\i}a-Berthou, Emili and Renault, David and Fernandez, Romina D. and Yapıcı, Sercan and Giannetto, Daniela and Nu{\~n}ez, Martin A. and Hudgins, Emma J. and Pergl, Jan and Milardi, Marco and Musolin, Dmitrii L. and Cuthbert, Ross N.},
	journal = {Global Change Biology},
	number = {5},
	pages = {e17312},
	title = {Biological invasions are a population-level rather than a species-level phenomenon},
	volume = {30},
	year = {2024}}

@article{isaak2014applications,
  title={Applications of spatial statistical network models to stream data},
  author={Isaak, Daniel J and Peterson, Erin E and Ver Hoef, Jay M and Wenger, Seth J and Falke, Jeffrey A and Torgersen, Christian E and Sowder, Colin and Steel, E Ashley and Fortin, Marie-Josee and Jordan, Chris E and others},
  journal={Wiley Interdisciplinary Reviews: Water},
  volume={1},
  number={3},
  pages={277--294},
  year={2014},
  publisher={Wiley Online Library}
}

@article{Johnson2013,
	author = {Johnson, Devin S. and Conn, Paul B. and Hooten, Mevin B. and Ray, Justina C. and Pond, Bruce A.},
	journal = {Ecology},
	number = {4},
	pages = {801-808},
	title = {Spatial occupancy models for large data sets},
	volume = {94},
	year = {2013}}

@article{Kattwinkel2020,
	author = {Kattwinkel, Mira and Sz{\"o}cs, Eduard and Peterson, Erin and Sch{\"a}fer, Ralf},
	journal = {Plos One},
	month = {09},
	pages = {e0239237},
	title = {Preparing GIS data for analysis of stream monitoring data: The {R} package openSTARS},
	volume = {15},
	year = {2020}}

@article{Kervellec2023,
	author = {Kervellec, Ma{\"e}lis and Couturier, Thibaut and Bauduin, Sarah and Chenesseau, Delphine and du Rau, Pierre Defos and Drouet-Hoguet, Nolwenn and Duchamp, Christophe and Steinmetz, Julien and Vandel, Jean-Michel and Gimenez, Olivier},
	journal = {Methods in Ecology and Evolution},
	title = {Bringing circuit theory into spatial occupancy models to assess landscape connectivity},
	year = {2024}}

@article{Kery2008,
	author = {K{\'e}ry, Marc and Schmidt, Benedikt},
	journal = {Community Ecology},
	month = {12},
	pages = {207-216},
	title = {Imperfect detection and its consequences for monitoring in conservation},
	volume = {9},
	year = {2008}}

@book{KR2015,
  title     = "Applied Hierarchical Modeling in Ecology: Analysis of Distribution, Abundance and Species Richness in R and BUGS.",
  author    = "Kéry, M. and Royle, J.A.",
  year      = 2015,
  publisher = "Academic Press, London, UK."
}

@article{Lahoz2014,
	author = {Lahoz-Monfort, Jos{\'e} J. and Guillera-Arroita, Gurutzeta and Wintle, Brendan A.},
	journal = {Global Ecology and Biogeography},
	number = {4},
	pages = {504-515},
	title = {Imperfect detection impacts the performance of species distribution models},
	volume = {23},
	year = {2014}}


@article{Link2018,
	author = {Link, William A. and Converse, Sarah J. and Yackel Adams, Amy A. and Hostetter, Nathan J.},
	journal = {Journal of Agricultural, Biological and Environmental Statistics},
	number = {4},
	pages = {463--477},
	title = {Analysis of Population Change and Movement Using Robust Design Removal Data},
	volume = {23},
	year = {2018}}

@article{Lu2024,
	author = {Lu, Xinyi and Kanno, Yoichiro and Valentine, George P. and Rash, Jacob M. and Hooten, Mevin B.},
	journal = {Journal of Applied Ecology},
	number = {7},
	pages = {1703-1715},
	title = {Using multi-scale spatial models of dendritic ecosystems to infer abundance of a stream salmonid},
	volume = {61},
	year = {2024}}

@book{mackenzie2017,
  title = {Occupancy {{Estimation}} and {{Modeling}}: {{Inferring Patterns}} and {{Dynamics}} of {{Species Occurrence}}},
  shorttitle = {Occupancy {{Estimation}} and {{Modeling}}},
  author = {MacKenzie, Darryl I. and Nichols, James D. and Royle, J. Andrew and Pollock, Kenneth H. and Bailey, Larissa L. and Hines, James E.},
  year = {2017},
  month = nov,
  publisher = {{Elsevier}},
  googlebooks = {hs2cBAAAQBAJ},
  isbn = {978-0-12-407245-9},
  langid = {english}
}

@book{Mccrea2015,
  title     = "Analysis of Capture-Recapture Data",
  author    = "McCrea, R.S. and Morgan, B.J.T.",
  year      = 2015,
  publisher = "Chapman & Hall"
}


@article{Matechou2016,
	author = {Eleni Matechou and Rachel S. McCrea and Byron J. T. Morgan and Darryn J. Nash and Richard A. Griffiths},
	journal = {The Annals of Applied Statistics},
	number = {3},
	pages = {1572 -- 1589},
	title = {{Open models for removal data}},
	volume = {10},
	year = {2016}}

@article{Moran1951,
	author = {Moran, P.A.P.},
	journal = {Biometrika},
	pages = {307--311},
	title = {A mathematical theory of animal trapping},
	volume = {38},
	year = {1951}}

@article{Northrup2018,
	author = {Northrup, Joseph and Gerber, Brian},
	journal = {Plos One},
	month = {02},
	pages = {e0192819},
	title = {A comment on priors for {B}ayesian occupancy models},
	volume = {13},
	year = {2018}}


@article{Outhwaite2018,
	author = {Outhwaite, Charlotte L. and Chandler, Richard E. and Powney, Gary D. and Collen, Ben and Gregory, Richard D. and Isaac, Nick J. B.},
	journal = {Ecological Indicators},
	pages = {333--343},
	title = {Prior specification in Bayesian occupancy modelling improves analysis of species occurrence data},
	volume = {93},
	year = {2018}}

@article{Peterson2010,
	author = {Peterson, Erin E. and Hoef, Jay M. Ver},
	journal = {Ecology},
	number = {3},
	pages = {644-651},
	title = {A mixed-model moving-average approach to geostatistical modeling in stream networks},
	volume = {91},
	year = {2010}}

@article{Peterson2013,
	author = {Peterson, Erin E. and Ver Hoef, Jay M. and Isaak, Dan J. and Falke, Jeffrey A. and Fortin, Marie-Jos{\'e}e and Jordan, Chris E. and McNyset, Kristina and Monestiez, Pascal and Ruesch, Aaron S. and Sengupta, Aritra and Som, Nicholas and Steel, E. Ashley and Theobald, David M. and Torgersen, Christian E. and Wenger, Seth J.},
	journal = {Ecology Letters},
	number = {5},
	pages = {707-719},
	title = {Modelling dendritic ecological networks in space: an integrated network perspective},
	volume = {16},
	year = {2013}}

@article{peterson2014,
  title={STARS: An ArcGIS toolset used to calculate the spatial information needed to fit spatial statistical models to stream network data},
  author={Peterson, Erin and Ver Hoef, Jay},
  journal={Journal of Statistical Software},
  volume={56},
  pages={1--17},
  year={2014}
}


@article{Petr2020,
	author = {Py{\v s}ek, Petr and Hulme, Philip E. and Simberloff, Dan and Bacher, Sven and Blackburn, Tim M. and Carlton, James T. and Dawson, Wayne and Essl, Franz and Foxcroft, Llewellyn C. and Genovesi, Piero and Jeschke, Jonathan M. and K{\"u}hn, Ingolf and Liebhold, Andrew M. and Mandrak, Nicholas E. and Meyerson, Laura A. and Pauchard, An{\'\i}bal and Pergl, Jan and Roy, Helen E. and Seebens, Hanno and van Kleunen, Mark and Vil{\`a}, Montserrat and Wingfield, Michael J. and Richardson, David M.},
	journal = {Biological Reviews},
	number = {6},
	pages = {1511-1534},
	title = {Scientists' warning on invasive alien species},
	volume = {95},
	year = {2020}}

@article{Preece2021,
	author = {Preece, Ellen P. and Bryan, Michael and Mapes, Samantha M. and Wademan, Cara and Dorazio, Robert},
	journal = {Environmental DNA},
	number = {3},
	pages = {591-604},
	title = {Monitoring for freshwater mussel presence in rivers using environmental DNA},
	volume = {3},
	year = {2021}}



@article{Ramsey2023,
	author = {Ramsey, David S. L. and McMaster, Damien and Thomas, Elaine},
	journal = {Wildlife Research},
	number = {9},
	pages = {688--700},
	title = {The application of catch--effort models to estimate the efficacy of aerial shooting operations on sambar deer (<i>Cervus unicolor</i>)},
	volume = {50},
	year = {2023}}

@article{Reid2019,
	author = {Reid, Andrea J. and Carlson, Andrew K. and Creed, Irena F. and Eliason, Erika J. and Gell, Peter A. and Johnson, Pieter T. J. and Kidd, Karen A. and MacCormack, Tyson J. and Olden, Julian D. and Ormerod, Steve J. and Smol, John P. and Taylor, William W. and Tockner, Klement and Vermaire, Jesse C. and Dudgeon, David and Cooke, Steven J.},
	journal = {Biological Reviews},
	number = {3},
	pages = {849-873},
	title = {Emerging threats and persistent conservation challenges for freshwater biodiversity},
	volume = {94},
	year = {2019}}


@article{Rodriguez2021,
	author = {Rodriguez de Rivera, O and McCrea, R},
	journal = {Plos One},
	number = {16},
	pages = {e0229965},
	title = {Removal modelling in ecology: A systematic review},
	volume = {3},
	year = {2021}}

@article{Roy2024,
	author = {Roy, Helen E. and Pauchard, An{\'\i}bal and Stoett, Peter J. and Renard Truong, Tanara and Meyerson, Laura A. and Bacher, Sven and Galil, Bella S. and Hulme, Philip E. and Ikeda, Tohru and Kavileveettil, Sankaran and McGeoch, Melodie A. and Nu{\~n}ez, Martin A. and Ordonez, Alejandro and Rahlao, Sebataolo J. and Schwindt, Evangelina and Seebens, Hanno and Sheppard, Andy W. and Vandvik, Vigdis and Aleksanyan, Alla and Ansong, Michael and August, Tom and Blanchard, Ryan and Brugnoli, Ernesto and Bukombe, John K. and Bwalya, Bridget and Byun, Chaeho and Camacho-Cervantes, Morelia and Cassey, Phillip and Castillo, Mar{\'\i}a L. and Courchamp, Franck and Dehnen-Schmutz, Katharina and Zenni, Rafael Dudeque and Egawa, Chika and Essl, Franz and Fayvush, Georgi and Fernandez, Romina D. and Fernandez, Miguel and Foxcroft, Llewellyn C. and Genovesi, Piero and Groom, Quentin J. and Gonz{\'a}lez, Ana Isabel and Helm, Aveliina and Herrera, Ileana and Hiremath, Ankila J. and Howard, Patricia L. and Hui, Cang and Ikegami, Makihiko and Keskin, Emre and Koyama, Asuka and Ksenofontov, Stanislav and Lenzner, Bernd and Lipinskaya, Tatsiana and Lockwood, Julie L. and Mangwa, Dongang C. and Martinou, Angeliki F. and McDermott, Shana M. and Morales, Carolina L. and M{\"u}llerov{\'a}, Jana and Mungi, Ninad Avinash and Munishi, Linus K. and Ojaveer, Henn and Pagad, Shyama N. and Pallewatta, Nirmalie P. K. T. S. and Peacock, Lora R. and Per, Esra and Pergl, Jan and Preda, Cristina and Py{\v s}ek, Petr and Rai, Rajesh K. and Ricciardi, Anthony and Richardson, David M. and Riley, Sophie and Rono, Betty J. and Ryan-Colton, Ellen and Saeedi, Hanieh and Shrestha, Bharat B. and Simberloff, Daniel and Tawake, Alifereti and Tricarico, Elena and Vanderhoeven, Sonia and Vicente, Joana and Vil{\`a}, Montserrat and Wanzala, Wycliffe and Werenkraut, Victoria and Weyl, Olaf L. F. and Wilson, John R. U. and Xavier, Rafael O. and Ziller, S{\'\i}lvia R.},
	journal = {Nature Ecology \& Evolution},
	number = {7},
	pages = {1216--1223},
	title = {Curbing the major and growing threats from invasive alien species is urgent and achievable},
	volume = {8},
	year = {2024}}

@book{RD2008,
  title     = "Hierarchical modeling and inference in ecology: The analysis of data from populations, metapopulations and communities",
  author    = "Royle, J.A. and Dorazio, R.M.",
  year      = 2008,
  publisher = "Academic Press. San Diego, California."
}

@article{RD2006,
author = {Royle, J. andrew and Dorazio, Robert},
year = {2006},
pages = {249-263},
title = {Hierarchical models of animal abundance and occurrence},
volume = {11},
journal = {Journal of Agricultural, Biological, and Environmental Statistics},
}

@article{Rushing2019,
	author = {Rushing, Clark and Royle, J. andrew and Ziolkowski Jr, David and Pardieck, Keith},
	journal = {Scientific Reports},
	month = {09},
	title = {Modeling spatially and temporally complex range dynamics when detection is imperfect},
	volume = {9},
	year = {2019}}

@article{Santos2022,
	author = {Edgar Santos-Fernandez and Jay M. {Ver Hoef} and Erin E. Peterson and James McGree and Daniel J. Isaak and Kerrie Mengersen},
	journal = {Computational Statistics & Data Analysis},
	pages = {107446},
	title = {Bayesian spatio-temporal models for stream networks},
	volume = {170},
	year = {2022}}


@article{Clair2013,
	author = {St. Clair, Katherine and Dunton, Eric and Giudice, John},
	journal = {Journal of Applied Statistics},
	month = {03},
	title = {A comparison of models using removal effort to estimate animal abundance},
	volume = {40},
	year = {2013}}

@book{Seber2023,
  title     = "Estimating Presence and Abundance of Closed Populations",
  author    = "Seber, G.A.F. and Schofield, M.R.",
  year      = 2023,
  publisher = "Springer"
}

@article{Thompson2021,
	author = {Thompson, Brielle K. and Olden, Julian D. and Converse, Sarah J.},
	journal = {Conservation Science and Practice},
	number = {11},
	pages = {e533},
	title = {Mechanistic invasive species management models and their application in conservation},
	volume = {3},
	year = {2021}}


@article{Udell2022,
	author = {Udell, Bradley and Martin, Julien and Waddle, Hardin and Johnson, Fred and Falk, Bryan and Yackel Adams, Amy and Funck, Sarah and Ketterlin, Jennifer and Suarez, Eric and Mazzotti, Frank and Romagosa, Christina},
	journal = {Ecology and Evolution},
	number = {8},
	pages = {e9173},
	title = {Open removal models with temporary emigration and population dynamics to inform invasive animal management},
	volume = {12},
	year = {2022}}

@article{V2022,
	author = {V{\'a}ri, {\'A}gnes and Podschun, Simone and Eros, Tibor and Hein, Thomas and Pataki, Beata and Ioja, Cristian and Adamescu, Cristian and Gerhardt, Almut and Gruber, Tam{\'a}s and Dedi{\'c}, Anita and Ciric, Milos and Gavrilovi{\'c}, Bojan and B{\'a}ldi, Andr{\'a}s},
	journal = {Ambio},
	month = {05},
	title = {Freshwater systems and ecosystem services: Challenges and chances for cross-fertilization of disciplines},
	volume = {51},
	number={1},
  pages={135-151},
	year = {2021}}


@article{vanloon2017,
	author = {van Loon, E Emiel and Bos, Daan and van Hellenberg Hubar, Caspara J and Ydenberg, Ron C},
	journal = {Pest Management Science},
	number = {2},
	pages = {305-312},
	title = {A historical perspective on the effects of trapping and controlling the muskrat (Ondatra zibethicus) in the Netherlands},
	volume = {73},
	year = {2017}}


@article{VerHoef2010,
	author = {Ver Hoef, Jay and Peterson, Erin},
	journal = {Journal of the American Statistical Association},
	month = {03},
	pages = {6-18},
	title = {A Moving Average Approach for Spatial Statistical Models of Stream Networks},
	volume = {105},
	year = {2010}}

@Article{VerHoef2014,
    title = {{SSN}: An {R} Package for Spatial Statistical Modeling on Stream Networks},
    author = {Ver Hoef, Jay and Peterson, E. and Clifford, D. and Shah, R.},
    journal = {Journal of Statistical Software},
    year = {2014},
    volume = {56},
    number = {3},
    pages = {1--45}}
    
    
@inbook{VerHoef2019,
	author = {Ver Hoef, Jay and Peterson, Erin and Isaak, Daniel},
	booktitle = {Handbook of Environmental and Ecological Statistics},
	editor = {Gelfand, A.E. and Fuentes, M. and Hoeting, J.A. and Lyttleton, Smith R.},
	month = {04},
	pages = {421-441},
	title = {Spatial Statistical Models for Stream Networks},
	publisher = {Chapman and Hall/CRC},
	year = {2019}}
  

@article{VerHoef2024,
	author = {Ver Hoef, Jay M. and Blagg, Eryn and Dumelle, Michael and Dixon, Philip M. and Zimmerman, Dale L. and Conn, Paul B.},
	journal = {Environmetrics},
	number = {n/a},
	pages = {e2872},
	title = {Marginal inference for hierarchical generalized linear mixed models with patterned covariance matrices using the Laplace approximation},
	volume = {n/a},
	year = {2024}}

@article{Wedderburn2022,
	author = {Wedderburn, Scotte D. and Whiterod, Nick S. and Vilizzi, Lorenzo},
	journal = {Aquatic Conservation: Marine and Freshwater Ecosystems},
	number = {2},
	pages = {258-268},
	title = {Occupancy modelling confirms the first extirpation of a freshwater fish from one of the world's largest river systems},
	volume = {32},
	year = {2022}}
	
@book{Williams2002,
  title = {Analysis and Management of Animal Populations},
  author = {Williams, B.K. and Nichols, J.D. and Conroy, M.J.},
  year = {2002},
  publisher = {Academic Press, San Diego, California, USA},
}

@article{Winkowski2024,
	author = {Winkowski, John J. and Olden, Julian D. and Brown, Sarah},
	journal = {Transactions of the American Fisheries Society},
	number = {2},
	pages = {180-199},
	title = {Integrating spatial stream network models and environmental DNA to estimate current and future distributions of nonnative Smallmouth Bass},
	volume = {153},
	year = {2024}}

@article{zhang2004,
	author = {Hao Zhang},
	journal = {Journal of the American Statistical Association},
	number = {465},
	pages = {250--261},
	title = {Inconsistent Estimation and Asymptotically Equal Interpolations in Model-Based Geostatistics},
	volume = {99},
	year = {2004}}

@article{Zhou2019,
	author = {Zhou, M. and McCrea, R.S. and Matechou, E. and Cole, D.J. and Griffiths, R.A.},
	journal = {Biometrics},
	pages = {24--35},
	title = {Removal models accounting for temporary emigration},
	volume = {75},
	year = {2019}}
	
@article{Zippin1956,
	author = {Zippin, C.},
	journal = {Biometrics},
	pages = {163--189},
	title = {An evaluation of the removal method of estimating animal populations},
	volume = {12},
	year = {1956}}

@article{Zippin1958,
	author = {Zippin, C.},
	journal = {The Journal of Wildlife Management},
	pages = {82--90},
	title = {The removal method of population estimation},
	volume = {22},
	year = {1958}}
